,2020-09,2020-06,2020-03,2019-12,2019-09,2019-06,2019-03,2018-12,2018-09,2018-06,2018-03,2017-12,2017-09,2017-07,2017-04,2016-12,2016-09,2016-06,2016-03,2015-12,2015-09,2015-06,2015-03,2014-12,2014-09,2014-06,2014-03,2013-12,2013-09,2013-06,2013-03,2012-12,2012-09,2012-06,2012-03,2011-12,2011-09,2011-06,2011-03,2010-12,2010-09,2010-06,2010-03,2009-12,2009-09,2009-06,2009-03,2008-12,2008-09,2008-06,2008-03,2007-12,2007-09,2007-06,2007-03,2006-12,2006-09,2006-07,2006-04,2005-12,2005-09,2005-06,2005-03,2004-12,2004-09,2004-06,2004-03,2003-12,2003-09,2003-06,2003-03,2002-12,2002-09,2002-06,2002-03,2001-12,2001-09,2001-06,2001-03,2000-12,2000-09,2000-07,2000-04,2000-01,1999-09,1999-06,1999-03,1998-12,1998-09,1998-06,1998-03,1997-12,1997-09,1997-06,1997-03,1996-12,1996-09,1996-06,1996-03,1995-12,1995-09,1995-06,1995-03,1994-12,1994-09,1994-07,1994-04,1993-12,1993-06,1993-03,1992-12,1992-06,1992-03,1991-12,1991-06,1991-03,1990-12,1990-06,1990-03,1989-12,1989-06,1989-03,1988-12,1988-06,1988-03,1987-12,1987-06,1987-03,1986-12,1986-06,1986-03,1985-12
reportedCurrency,USD,USD,USD,USD,USD,USD,USD,USD,USD,USD,USD,USD,USD,USD,USD,USD,USD,USD,USD,USD,USD,USD,USD,USD,USD,USD,USD,USD,USD,USD,USD,USD,USD,USD,USD,USD,USD,USD,USD,USD,USD,USD,USD,USD,USD,USD,USD,USD,USD,USD,USD,USD,USD,USD,USD,USD,USD,USD,USD,USD,USD,USD,USD,USD,USD,USD,USD,USD,USD,USD,USD,USD,USD,USD,USD,USD,USD,USD,USD,USD,USD,USD,USD,USD,USD,USD,USD,USD,USD,USD,USD,USD,USD,USD,USD,USD,USD,USD,USD,USD,USD,USD,USD,USD,USD,USD,USD,USD,USD,USD,USD,USD,USD,USD,USD,USD,USD,USD,USD,USD,USD,USD,USD,USD,USD,USD,USD,USD,USD,USD,USD,USD
fillingDate,2020-10-30,2020-07-31,2020-05-01 00:00:00,2020-01-29 00:00:00,2019-10-31 00:00:00,2019-07-31,2019-05-01 00:00:00,2019-01-30 00:00:00,2018-11-05 00:00:00,2018-08-01 00:00:00,2018-05-02 00:00:00,2018-02-02 00:00:00,2017-11-03 00:00:00,2017-08-02 00:00:00,2017-05-03 00:00:00,2017-02-01 00:00:00,2016-10-26 00:00:00,2016-07-27,2016-04-27 00:00:00,2016-01-27 00:00:00,2015-10-28 00:00:00,2015-07-22 00:00:00,2015-04-28 00:00:00,2015-01-28,2014-10-27 00:00:00,2014-07-23 00:00:00,2014-04-24 00:00:00,2014-01-28,2013-10-30 00:00:00,2013-07-24 00:00:00,2013-04-24 00:00:00,2013-01-24 00:00:00,2012-10-31 00:00:00,2012-07-25 00:00:00,2012-04-25,2012-01-25 00:00:00,2011-10-26 00:00:00,2011-07-20 00:00:00,2011-04-21 00:00:00,2011-01-19,2010-10-27 00:00:00,2010-07-21 00:00:00,2010-04-21 00:00:00,2010-01-25 00:00:00,2009-10-27 00:00:00,2009-07-22 00:00:00,2009-04-23 00:00:00,2009-01-23 00:00:00,2008-11-05 00:00:00,2008-07-23 00:00:00,2008-05-01 00:00:00,2008-02-01,2007-11-15 00:00:00,2007-08-08 00:00:00,2007-05-10 00:00:00,2007-02-02,2006-12-29,2006-12-29,2006-05-05,2006-02-03,2005-12-01,2005-08-03,2005-05-04,2005-02-01,2004-12-03,2004-08-05,2004-05-06,2004-02-10,2003-12-19,2003-08-12,2003-05-13 00:00:00,2003-02-10,2002-12-19 00:00:00,2002-08-09 00:00:00,2002-05-14 00:00:00,2002-02-11 00:00:00,2001-12-21,2001-08-13 00:00:00,2001-05-14 00:00:00,2001-02-12 00:00:00,2000-12-14 00:00:00,2000-07-31 00:00:00,2000-05-11 00:00:00,0,1999-12-22 00:00:00,1999-08-06 00:00:00,1999-05-11 00:00:00,0,0,1998-08-10 00:00:00,1998-05-11 00:00:00,1998-02-09 00:00:00,1997-12-05 00:00:00,1997-08-11 00:00:00,1997-05-12 00:00:00,1997-02-10 00:00:00,1996-12-19 00:00:00,1996-08-12 00:00:00,1996-05-13 00:00:00,1996-02-12 00:00:00,1995-12-19 00:00:00,1995-08-11 00:00:00,1995-05-15 00:00:00,1995-02-09 00:00:00,1994-12-13 00:00:00,1994-08-12 00:00:00,0,1993-12-31,1993-06-30,1993-03-31,1992-12-31,1992-06-30,1992-03-31,1991-12-31,1991-06-30,1991-03-31,1990-12-31,1990-06-30,1990-03-31,1989-12-31,1989-06-30,1989-03-31,1988-12-31,1988-06-30,1988-03-31,1987-12-31,1987-06-30,1987-03-31,1986-12-31,1986-06-30,1986-03-31,1985-12-31
acceptedDate,2020-10-29 18:06:25,2020-07-30 19:29:09,2020-04-30 18:03:10,2020-01-28 18:02:44,2019-10-30 18:12:36,2019-07-31 16:31:53,2019-05-01 16:32:00,2019-01-30 16:31:37,2018-11-05 08:01:40,2018-08-01 16:31:48,2018-05-02 16:32:12,2018-02-02 08:01:26,2017-11-03 08:01:37,2017-08-02 16:31:28,2017-05-03 16:32:23,2017-02-01 16:33:29,2016-10-26 16:42:16,2016-07-27 16:32:36,2016-04-27 16:32:53,2016-01-27 16:32:03,2015-10-28 16:31:09,2015-07-22 17:01:17,2015-04-28 17:01:16,2015-01-28 16:39:32,2014-10-27 17:11:55,2014-07-23 16:32:48,2014-04-24 17:02:12,2014-01-28 17:07:27,2013-10-29 20:38:28,2013-07-24 17:02:02,2013-04-23 21:29:23,2013-01-24 17:01:37,2012-10-31 17:07:19,2012-07-25 16:39:39,2012-04-25 17:01:16,2012-01-25 16:42:11,2011-10-26 16:35:25,2011-07-20 16:32:13,2011-04-21 06:13:41,2011-01-19 16:33:29,2010-10-27 16:36:21,2010-07-21 16:37:45,2010-04-21 16:39:23,2010-01-25 16:23:57,2009-10-27 16:18:29,2009-07-22 16:41:33,2009-04-23 16:12:31,2009-01-22 21:45:14,2008-11-05 06:16:23,2008-07-23 17:27:26,2008-05-01 06:01:43,2008-02-01 06:06:51,2007-11-15 16:49:37,2007-08-07 21:51:56,2007-05-09 21:38:58,2007-02-02 06:23:10,2006-12-29 06:05:58,2006-12-29 06:01:37,2006-05-04 20:26:47,2006-02-03 16:20:30,2005-11-30 21:22:48,2005-08-02 20:15:08,2005-05-04 17:14:56,2005-02-01 17:25:52,2004-12-02 18:05:49,2004-08-04 20:48:51,2004-05-06 17:26:09,2004-02-09 19:57:13,2003-12-19 17:25:45,2003-08-12 16:09:14,2003-05-13 16:46:50,2003-02-10 16:43:14,2002-12-19 17:20:21,2002-08-09 16:52:48,2002-05-14 17:08:24,2002-02-11 00:00:00,2001-12-21 00:00:00,2001-08-13 00:00:00,2001-05-14 00:00:00,2001-02-12 00:00:00,2000-12-14 00:00:00,2000-07-31 00:00:00,2000-05-11 00:00:00,0,1999-12-22 00:00:00,1999-08-06 00:00:00,1999-05-11 00:00:00,0,0,1998-08-10 00:00:00,1998-05-11 00:00:00,1998-02-09 00:00:00,1997-12-05 00:00:00,1997-08-11 00:00:00,1997-05-12 00:00:00,1997-02-10 00:00:00,1996-12-19 00:00:00,1996-08-12 00:00:00,1996-05-13 00:00:00,1996-02-12 00:00:00,1995-12-19 00:00:00,1995-08-11 00:00:00,1995-05-15 00:00:00,1995-02-09 00:00:00,1994-12-13 00:00:00,1994-08-12 00:00:00,0,1993-12-31,1993-06-30,1993-03-31,1992-12-31,1992-06-30,1992-03-31,1991-12-31,1991-06-30,1991-03-31,1990-12-31,1990-06-30,1990-03-31,1989-12-31,1989-06-30,1989-03-31,1988-12-31,1988-06-30,1988-03-31,1987-12-31,1987-06-30,1987-03-31,1986-12-31,1986-06-30,1986-03-31,1985-12-31
period,Q4,Q3,Q2,Q1,Q4,Q3,Q2,Q1,Q4,Q3,Q2,Q1,Q4,Q3,Q2,Q1,Q4,Q3,Q2,Q1,Q4,Q3,Q2,Q1,Q4,Q3,Q2,Q1,Q4,Q3,Q2,Q1,Q4,Q3,Q2,Q1,Q4,Q3,Q2,Q1,Q4,Q3,Q2,Q1,Q4,Q3,Q2,Q1,Q4,Q3,Q2,Q1,Q4,Q3,Q2,Q1,Q4,Q3,Q2,Q1,Q4,Q3,Q2,Q1,Q4,Q3,Q2,Q1,Q4,Q3,Q2,Q1,Q4,Q3,Q2,Q1,Q4,Q3,Q2,Q1,Q4,Q3,Q2,Q1,Q4,Q3,Q2,Q1,Q4,Q3,Q2,Q1,Q4,Q3,Q2,Q1,Q4,Q3,Q2,Q1,Q4,Q3,Q2,Q1,Q4,Q3,Q2,Q1,Q3,Q2,Q1,Q3,Q2,Q1,Q3,Q2,Q1,Q3,Q2,Q1,Q3,Q2,Q1,Q3,Q2,Q1,Q3,Q2,Q1,Q3,Q2,Q1
revenue,64698000000,59685000000,58313000000,91819000000,64040000000,53809000000,58015000000,84310000000,62900000000,53265000000,61137000000,88293000000,52579000000,45408000000,52896000000,78351000000,46852000000,42358000000,50557000000,75872000000,51501000000,49605000000,58010000000,74599000000,42123000000,37432000000,45646000000,57594000000,37472000000,35323000000,43603000000,54512000000,35966000000,35023000000,39186000000,46333000000,28270000000,28571000000,24667000000,26741000000,20343000000,15700000000,13499000000,15683000000,9870000000,8337000000,8163000000,10167000000,7895000000,7464000000,7512000000,9608000000,6217000000,5410000000,5264000000,7115000000,4837000000,4370000000,4359000000,5749000000,3678000000,3520000000,3243000000,3490000000,2350000000,2014000000,1909000000,2006000000,1715000000,1545000000,1475000000,1472000000,1443000000,1429000000,1495000000,1375000000,1450000000,1475000000,1431000000,1007000000,1870000000,1825000000,1945000000,2343000000,1336000000,1558000000,1530000000,1710000000,1556000000,1402000000,1405000000,1578000000,1614000000,1737000000,1601000000,2129000000,2321000000,2179000000,2185000000,3148000000,3003000000,2575000000,2652000000,2832000000,2493286000,2149908000,2077000000,2468854000,1862000000,1973900000,2000300000,1740200000,1716000000,1862600000,1528600000,1597700000,1675500000,1364800000,1346200000,1493400000,1248200000,1246900000,1405100000,993100000,867200000,1042400000,637100000,575300000,662300000,448300000,408900000,533900000
costOfRevenue,40009000000,37005000000,35943000000,56602000000,39727000000,33582000000,36194000000,52279000000,38816000000,32844000000,37715000000,54381000000,32648000000,27920000000,32305000000,48175000000,29039000000,26252000000,30636000000,45449000000,30953000000,29924000000,34354000000,44858000000,26114000000,22697000000,27699000000,35748000000,23601000000,22299000000,27254000000,33452000000,21565000000,20029000000,20622000000,25630000000,16890000000,16649000000,14449000000,16443000000,12831000000,9564000000,7874000000,9272000000,6256000000,5314000000,5192000000,6635000000,5156000000,4864000000,5038000000,6276000000,4127000000,3415000000,3415000000,4895000000,3425000000,3045000000,3062000000,4185000000,2643000000,2476000000,2275000000,2494000000,1716000000,1455000000,1379000000,1470000000,1259000000,1117000000,1057000000,1066000000,1062000000,1038000000,1086000000,953000000,1013000000,1041000000,1046000000,1028000000,1403000000,1282000000,1396000000,1736000000,952000000,1131000000,1127000000,1228000000,1139000000,1042000000,1056000000,1225000000,1294000000,1389000000,1298000000,1732000000,1810000000,1776000000,2606000000,2673000000,2382000000,1847000000,1957000000,2018000000,1814413000,1576036000,1578000000,1876830000,1214600000,1172000000,1150000000,911700000,910200000,999600000,774900000,772700000,767700000,578300000,565300000,668500000,0.0,0.0,0.0,0.0,0.0,0.0,0.0,0.0,0.0,0.0,0.0,0.0
grossProfit,24689000000,22680000000,22370000000,35217000000,24313000000,20227000000,21821000000,32031000000,24084000000,20421000000,23422000000,33912000000,19931000000,17488000000,20591000000,30176000000,17813000000,16106000000,19921000000,30423000000,20548000000,19681000000,23656000000,29741000000,16009000000,14735000000,17947000000,21846000000,13871000000,13024000000,16349000000,21060000000,14401000000,14994000000,18564000000,20703000000,11380000000,11922000000,10218000000,10298000000,7512000000,6136000000,5625000000,6411000000,3614000000,3023000000,2971000000,3532000000,2739000000,2600000000,2474000000,3332000000,2090000000,1995000000,1849000000,2220000000,1412000000,1325000000,1297000000,1564000000,1035000000,1044000000,968000000,996000000,634000000,559000000,530000000,536000000,456000000,428000000,418000000,406000000,381000000,391000000,409000000,422000000,437000000,434000000,385000000,-21000000,467000000,543000000,549000000,607000000,384000000,427000000,403000000,482000000,417000000,360000000,349000000,353000000,320000000,348000000,303000000,397000000,511000000,403000000,-421000000,475000000,621000000,728000000,695000000,814000000,678873000,573872000,499000000,592024000,647400000,801900000,850300000,828500000,805800000,863000000,753700000,825000000,907800000,786500000,780900000,824900000,0.0,0.0,0.0,0.0,0.0,0.0,0.0,0.0,0.0,0.0,0.0,0.0
grossProfitRatio,0.38160375900337,0.3799949736114602,0.3836194330595236,0.38354806739345887,0.3796533416614616,0.37590365923916075,0.37612686374213566,0.3799193452733958,0.38289348171701115,0.38338496198254013,0.38310679294044525,0.384084808535218,0.3790676886209323,0.38513037350246654,0.38927329098608593,0.38513867085295656,0.380197216767694,0.38023513858066954,0.39403050022746605,0.4009779628848587,0.39898254402827127,0.3967543594395726,0.4077917600413722,0.3986782664646979,0.38005365239892697,0.3936471468262449,0.3931779345397187,0.3793103448275862,0.3701697267292912,0.36871160433711747,0.37495126482122787,0.3863369533313766,0.40040593894233445,0.42811866487736633,0.4737406216505895,0.4468305527377895,0.4025468694729395,0.41727625914388716,0.4142376454372238,0.38510152948655624,0.369267069753724,0.390828025477707,0.41669753315060376,0.40878658419945163,0.36616008105369807,0.3626004557994482,0.36395932867818204,0.34739844595259173,0.346928435718809,0.3483386923901393,0.3293397231096912,0.34679433805162363,0.336175004021232,0.3687615526802218,0.3512537993920973,0.3120168657765285,0.291916477155262,0.30320366132723114,0.2975453085570085,0.2720473125761002,0.281402936378467,0.29659090909090907,0.2984890533456676,0.28538681948424066,0.269787234042553,0.2775571002979146,0.27763226820324777,0.26719840478564305,0.265889212827988,0.27702265372168283,0.28338983050847455,0.2758152173913043,0.264033264033264,0.2736179146256123,0.27357859531772577,0.3069090909090909,0.301379310344828,0.29423728813559324,0.2690426275331936,-0.020854021847070508,0.249732620320856,0.29753424657534244,0.28226221079691516,0.25906956892872385,0.287425149700599,0.2740693196405648,0.2633986928104575,0.2818713450292398,0.267994858611825,0.25677603423680456,0.2483985765124555,0.22370088719898606,0.198265179677819,0.2003454231433506,0.18925671455340412,0.1864725223109441,0.220163722533391,0.18494722349701698,-0.19267734553775745,0.1508894536213469,0.206793206793207,0.28271844660194173,0.2620663650075415,0.2874293785310734,0.272280436339834,0.26692863136469097,0.24025036109773712,0.2397970880416582,0.3476906552094522,0.4062515831602411,0.4250862370644403,0.47609470175841856,0.4695804195804196,0.4633308278750134,0.49306555017663223,0.5163672779620705,0.5418084153983885,0.5762749120750293,0.5800772544941316,0.5523637337618856,0.0,0.0,0.0,0.0,0.0,0.0,0.0,0.0,0.0,0.0,0.0,0.0
researchAndDevelopmentExpenses,4978000000,4758000000,4565000000,4451000000,4110000000,4257000000,3948000000,3902000000,3750000000,3701000000,3378000000,3407000000,2997000000,2937000000,2776000000,2871000000,2570000000,2560000000,2511000000,2404000000,2220000000,2034000000,1918000000,1895000000,1686000000,1603000000,1422000000,1330000000,1168000000,1178000000,1119000000,1010000000,906000000,876000000,841000000,758000000,645000000,628000000,581000000,575000000,494000000,464000000,426000000,398000000,358000000,341000000,319000000,315000000,298000000,292000000,273000000,246000000,207000000,208000000,183000000,184000000,179000000,175000000,176000000,182000000,147000000,145000000,119000000,123000000,122000000,125000000,123000000,119000000,111000000,120000000,119000000,121000000,117000000,106000000,111000000,113000000,116000000,122000000,101000000,102000000,101000000,97000000,92000000,90000000,82000000,80000000,76000000,76000000,73000000,83000000,75000000,79000000,94000000,101000000,516000000,149000000,146000000,155000000,150000000,153000000,171000000,168000000,143000000,132000000,142110000,135439000,134000000,152612000,0.0,0.0,0.0,0.0,0.0,0.0,0.0,0.0,0.0,0.0,0.0,0.0,0.0,0.0,0.0,0.0,0.0,0.0,0.0,0.0,0.0,0.0,0.0,0.0
generalAndAdministrativeExpenses,4936000000,4831000000,4952000000,5197000000,4578000000,4426000000,4458000000,4783000000,4216000000,4108000000,4150000000,4231000000,3814000000,3783000000,3718000000,3946000000,3482000000,3441000000,3423000000,3848000000,3705000000,3564000000,3460000000,3600000000,3158000000,2850000000,2932000000,3053000000,2673000000,2645000000,2672000000,2840000000,2551000000,2545000000,2339000000,2605000000,2025000000,1915000000,1763000000,1896000000,1571000000,1438000000,1220000000,1288000000,1063000000,1010000000,985000000,1091000000,999000000,916000000,886000000,960000000,823000000,746000000,680000000,714000000,625000000,584000000,592000000,632000000,470000000,472000000,447000000,470000000,379000000,354000000,345000000,343000000,314000000,299000000,300000000,299000000,280000000,272000000,270000000,289000000,268000000,281000000,292000000,297000000,282000000,278000000,287000000,319000000,235000000,243000000,239000000,279000000,235000000,216000000,223000000,234000000,259000000,307000000,348000000,372000000,359000000,364000000,404000000,441000000,378000000,404000000,386000000,415000000,346352000,332867000,330000000,374705000,912700000,591700000,570100000,570300000,545100000,550600000,789100000,592500000,632300000,554300000,537400000,587100000,0.0,0.0,0.0,0.0,0.0,0.0,0.0,0.0,0.0,0.0,0.0,0.0
sellingAndMarketingExpenses,0.0,0.0,0.0,0.0,0.0,0.0,0.0,0.0,0.0,0.0,0.0,0.0,0.0,0.0,0.0,0.0,0.0,0.0,0.0,0.0,0.0,0.0,0.0,0.0,0.0,0.0,0.0,0.0,0.0,0.0,0.0,0.0,0.0,0.0,0.0,0.0,0.0,0.0,0.0,0.0,0.0,0.0,0.0,0.0,0.0,0.0,0.0,0.0,0.0,0.0,0.0,0.0,0.0,0.0,0.0,0.0,0.0,0.0,0.0,0.0,0.0,0.0,0.0,0.0,0.0,0.0,0.0,0.0,0.0,0.0,0.0,0.0,0.0,0.0,0.0,0.0,0.0,0.0,0.0,0.0,0.0,0.0,0.0,0.0,0.0,0.0,0.0,0.0,0.0,0.0,0.0,0.0,0.0,0.0,0.0,0.0,0.0,0.0,0.0,0.0,0.0,0.0,0.0,0.0,0.0,0.0,0.0,0.0,0.0,0.0,0.0,0.0,0.0,0.0,0.0,0.0,0.0,0.0,0.0,0.0,0.0,0.0,0.0,0.0,0.0,0.0,0.0,0.0,0.0,0.0,0.0,0.0
otherExpenses,-8000000.0,-158000000,-10000000,89000000,206000000,43000000,30000000,143000000,-140000000,100000000,-439000000,38000000,95000000,-185000000,-165000000,122000000,-159000000,-263000000,-510000000,-263000000,-149000000,-175000000,-226000000,-353000000,-97000000,-137000000,-100000000,-97000000,-194000000,-98000000,-73000000,41000000,-1139000000,288000000,148000000,137000000,-438000000,172000000,26000000,136000000,-297000000,58000000,50000000,33000000,-362000000,60000000,63000000,158000000,-513000000,118000000,162000000,200000000,-18000000,-13000000,-10000000,-7000000.0,-7000000.0,-4000000.0,-11000000,-7000000.0,0.0,0.0,0.0,-2000000.0,-1000000.0,-3000000.0,-2000000.0,-3000000.0,-1000000.0,-1000000.0,-2000000.0,8000000.0,4000000.0,-1000000.0,1000000.0,3000000.0,-8000000.0,-2000000.0,0.0,8000000.0,1000000.0,0.0,0.0,-2000000.0,5000000.0,0.0,0.0,-6000000.0,0.0,0.0,0.0,0.0,0.0,0.0,0.0,0.0,-73000000,69000000,2000000.0,-1000000.0,1000000.0,-1000000.0,2000000.0,0.0,0.0,0.0,-1000000.0,0.0,0.0,0.0,0.0,0.0,0.0,0.0,0.0,0.0,0.0,0.0,0.0,0.0,0.0,0.0,0.0,0.0,0.0,0.0,0.0,0.0,0.0,0.0,0.0,0.0
operatingExpenses,9914000000,9589000000,9517000000,9648000000,8688000000,8683000000,8406000000,8685000000,7966000000,7809000000,7528000000,7638000000,6811000000,6720000000,6494000000,6817000000,6052000000,6001000000,5934000000,6252000000,5925000000,5598000000,5378000000,5495000000,4844000000,4453000000,4354000000,4383000000,3841000000,3823000000,3791000000,3850000000,3457000000,3421000000,3180000000,3363000000,2670000000,2543000000,2344000000,2471000000,2065000000,1902000000,1646000000,1686000000,1421000000,1351000000,1304000000,1406000000,1297000000,1208000000,1159000000,1206000000,1030000000,0.0,0.0,0.0,0.0,0.0,0.0,0.0,0.0,0.0,0.0,0.0,0.0,0.0,0.0,0.0,0.0,0.0,0.0,0.0,0.0,0.0,0.0,0.0,0.0,0.0,0.0,0.0,0.0,0.0,0.0,0.0,0.0,0.0,0.0,0.0,0.0,0.0,0.0,0.0,0.0,0.0,0.0,0.0,0.0,0.0,0.0,0.0,0.0,0.0,0.0,0.0,0.0,0.0,0.0,0.0,0.0,0.0,0.0,0.0,0.0,0.0,0.0,0.0,0.0,0.0,0.0,0.0,0.0,0.0,0.0,0.0,0.0,0.0,0.0,0.0,0.0,0.0,0.0,0.0
costAndExpenses,49923000000,46594000000,45460000000,66250000000,48415000000,42265000000,44600000000,60964000000,46782000000,40653000000,45243000000,62019000000,39459000000,34640000000,38799000000,54992000000,35091000000,32253000000,36570000000,51701000000,36878000000,35522000000,39732000000,50353000000,30958000000,27150000000,32053000000,40131000000,27442000000,26122000000,31045000000,37302000000,25022000000,23450000000,23802000000,28993000000,19560000000,19192000000,16793000000,18914000000,14896000000,11466000000,9520000000,10958000000,7677000000,6665000000,6496000000,8041000000,6453000000,6072000000,6197000000,7482000000,5157000000,4369000000,4278000000,5793000000,4229000000,3804000000,3830000000,4999000000,3260000000,3093000000,2841000000,3087000000,2217000000,1934000000,1847000000,1932000000,1684000000,1536000000,1476000000,1486000000,1459000000,1416000000,1467000000,1355000000,1397000000,1444000000,1439000000,1427000000,1786000000,1657000000,1775000000,2145000000,1269000000,1454000000,1442000000,1583000000,1447000000,1341000000,1354000000,1538000000,1647000000,1797000000,2162000000,2253000000,2315000000,2295000000,3160000000,3267000000,2931000000,2419000000,2486000000,2565000000,2302875000,2044342000,2042000000,2404147000,2168700000,1804800000,1759500000,1539100000,1505600000,1600000000,1617400000,1411100000,1447100000,1182500000,1147000000,1303400000,0.0,0.0,0.0,0.0,0.0,0.0,0.0,0.0,0.0,0.0,0.0,0.0
interestExpense,634000000,697000000,757000000,785000000,810000000,866000000,1010000000,890000000,868000000,846000000,792000000,734000000,666000000,602000000,530000000,525000000,450000000,409000000,321000000,276000000,238000000,201000000,163000000,131000000,115000000,100000000,85000000,84000000,83000000,53000000,0.0,0.0,0.0,0.0,0.0,0.0,0.0,0.0,0.0,0.0,0.0,0.0,0.0,0.0,0.0,0.0,0.0,0.0,0.0,0.0,0.0,0.0,0.0,0.0,0.0,0.0,0.0,0.0,0.0,0.0,0.0,0.0,0.0,0.0,0.0,0.0,1000000.0,2000000.0,2000000.0,2000000.0,2000000.0,2000000.0,2000000.0,2000000.0,3000000.0,3000000.0,2000000.0,4000000.0,0.0,5000000.0,6000000.0,0.0,0.0,5000000.0,5000000.0,0.0,0.0,16000000,0.0,0.0,0.0,0.0,0.0,0.0,0.0,0.0,18000000,12000000,13000000,17000000,15000000,16000000,10000000,0.0,0.0,0.0,8000000.0,0.0,0.0,0.0,0.0,0.0,0.0,0.0,0.0,0.0,0.0,0.0,0.0,0.0,0.0,0.0,0.0,0.0,0.0,0.0,0.0,0.0,0.0,0.0,0.0,0.0
depreciationAndAmortization,2702000000,2752000000,2786000000,2816000000,3179000000,2933000000,3040000000,3395000000,2754000000,2665000000,2739000000,2745000000,2484000000,2354000000,2332000000,2987000000,2548000000,2526000000,2477000000,2954000000,3119000000,3084000000,2479000000,2575000000,1969000000,1946000000,1887000000,2144000000,1783000000,1694000000,1692000000,1588000000,981000000,835000000,740000000,721000000,543000000,481000000,434000000,356000000,329000000,273000000,216000000,209000000,203000000,182000000,181000000,168000000,157000000,117000000,116000000,106000000,103000000,81000000,69000000,74000000,66000000,57000000,50000000,52000000,51000000,46000000,41000000,41000000,40000000,41000000,36000000,33000000,29000000,24000000,29000000,31000000,29000000,28000000,29000000,28000000,28000000,26000000,22000000,24000000,18000000,25000000,21000000,20000000,19000000,19000000,24000000,23000000,23000000,32000000,28000000,28000000,41000000,22000000,30000000,25000000,6000000.0,22000000,46000000,42000000,23000000,37000000,29000000,38000000,45620000,41000000,38000000,42606000,41400000,42800000,39400000,57200000,50200000,49800000,53500000,45900000,47100000,49900000,44200000,47800000,0.0,0.0,0.0,0.0,0.0,0.0,0.0,0.0,0.0,0.0,0.0,0.0
ebitda,18237000000,16586000000,16678000000,29519000000,20116000000,15710000000,17843000000,28191000000,20043000000,16795000000,19699000000,30509000000,17067000000,14264000000,17546000000,27692000000,15186000000,13404000000,16940000000,27803000000,18419000000,17758000000,21206000000,27122000000,13556000000,12530000000,15790000000,19937000000,12009000000,11182000000,14250000000,18798000000,11925000000,12408000000,16124000000,18061000000,9253000000,9860000000,8308000000,8183000000,5776000000,4507000000,4195000000,4934000000,2390000000,1848000000,1839000000,2284000000,1576000000,1509000000,1431000000,2232000000,1153000000,1122000000,1055000000,1396000000,1039000000,623000000,579000000,802000000,469000000,473000000,443000000,470000000,192000000,133000000,111000000,118000000,63000000,54000000,45000000,49000000,44000000,69000000,87000000,85000000,118000000,106000000,9000000.0,-324000000,162000000,143000000,91000000,263000000,133000000,22000000,66000000,176000000,262000000,93000000,79000000,68000000,-51000000,-38000000,-376000000,-99000000,1000000.0,-15000000,-916000000,-61000000,120000000,224000000,223000000,288000000,380551000,20049000,80394000,107313000,-268200000,202100000,260800000,247000000,253200000,307300000,-38600000,207500000,261100000,218100000,226600000,223200000,1248200000,1246900000,1405100000,993100000,867200000,1042400000,637100000,575300000,662300000,448300000,408900000,533900000
ebitdaratio,0.281878883427618,0.27789226773896286,0.2860082657383431,0.3214911946329191,0.3141161773891318,0.291958594287201,0.30755839007153324,0.3343731467204365,0.31864864864864867,0.3153102412465972,0.3222107725272748,0.34554268175280034,0.3245972726754027,0.3141296687808316,0.3317075015124017,0.3534351827034754,0.3241270383334756,0.3164455356721281,0.3350673497240738,0.36644611978068325,0.3576435409021184,0.3579881060376978,0.36555766247198757,0.3635705572460757,0.3218194335636113,0.334740329130156,0.34592297244008235,0.3461645310275376,0.32047929120409907,0.3165642782323132,0.32681237529527785,0.3448415027883769,0.331563142968359,0.3542814721754276,0.41147348542846934,0.38980855977381135,0.3273081004598514,0.34510517657764866,0.3368062593748733,0.3060094985228675,0.283930590375068,0.2870700636942675,0.31076376027853914,0.31460817445641776,0.24214792299898683,0.2216624685138539,0.22528482175670708,0.22464837218451855,0.199620012666244,0.20217041800643087,0.19049520766773162,0.23230641132389676,0.18545922470645,0.20739371534195933,0.20041793313069908,0.19620520028109628,0.214802563572462,0.1425629290617849,0.13282863041982107,0.13950252217777004,0.127514953779228,0.134375,0.13660191181005243,0.1346704871060172,0.0817021276595745,0.0660377358490566,0.05814562598218963,0.058823529411764705,0.036734693877551,0.03495145631067961,0.030508474576271188,0.03328804347826087,0.0304920304920305,0.04828551434569629,0.05819397993311037,0.06181818181818182,0.0813793103448276,0.07186440677966102,0.006289308176100629,-0.3217477656405164,0.0866310160427807,0.07835616438356165,0.0467866323907455,0.11224925309432351,0.0995508982035928,0.014120667522464698,0.043137254901960784,0.10292397660818714,0.168380462724936,0.06633380884450785,0.056227758007117434,0.043092522179974654,-0.0315985130111524,-0.021876799078871616,-0.2348532167395378,-0.04650070455612964,0.000430848772081,-0.006883891693437357,-0.41922196796338673,-0.01937738246505718,0.03996003996004,0.08699029126213592,0.08408748114630468,0.1016949152542373,0.152630303944273,0.00932551532437667,0.03870678863745787,0.04346672585742211,-0.14403866809881846,0.10238613911545671,0.13038044293355996,0.14193770830938973,0.14755244755244756,0.16498443036615484,-0.025251864451131756,0.1298741941540965,0.15583407937928975,0.15980363423212193,0.16832565740603178,0.14945761349939735,1.0,1.0,1.0,1.0,1.0,1.0,1.0,1.0,1.0,1.0,1.0,1.0
operatingIncome,14775000000,13091000000,12853000000,25569000000,15625000000,11544000000,13415000000,23346000000,16118000000,12612000000,15894000000,26274000000,13120000000,10768000000,14097000000,23359000000,11761000000,10105000000,13987000000,24171000000,14623000000,14083000000,18278000000,24246000000,11165000000,10282000000,13593000000,17463000000,10030000000,9201000000,12558000000,17210000000,10944000000,11573000000,15384000000,17340000000,8710000000,9379000000,7874000000,7827000000,5447000000,4234000000,3979000000,4725000000,2193000000,1672000000,1667000000,2126000000,1442000000,1392000000,1315000000,2126000000,1060000000,1041000000,986000000,1322000000,608000000,566000000,529000000,750000000,418000000,427000000,402000000,403000000,133000000,80000000,62000000,74000000,31000000,9000000.0,-1000000.0,-14000000,-16000000,13000000,28000000,20000000,53000000,31000000,-8000000.0,-420000000,84000000,168000000,170000000,198000000,67000000,104000000,88000000,127000000,109000000,61000000,51000000,40000000,-33000000,-60000000,-561000000,-124000000,6000000.0,-116000000,-975000000,-119000000,72000000,156000000,166000000,267000000,190411000,105566000,35000000,64707000,-306700000,169100000,240800000,201100000,210400000,262600000,-88800000,186600000,228400000,182300000,199200000,190000000,1248200000,1246900000,1405100000,993100000,867200000,1042400000,637100000,575300000,662300000,448300000,408900000,533900000
operatingIncomeRatio,0.230316238523602,0.22010555415933653,0.2252499442662871,0.2822727322231782,0.2518269831355403,0.22135702205950678,0.23774885805395157,0.28354880797058474,0.2610651828298887,0.2493945367502112,0.26445523987110914,0.3061397845808841,0.2646874227353126,0.24903100775193798,0.2776013309134906,0.3086112493777999,0.26013830786305814,0.24715520090655838,0.2797238760211247,0.3238744200759173,0.29246034057591114,0.29176494305009576,0.32001379072573694,0.3272966125551281,0.2723452745530945,0.2800812139346014,0.3027209394032336,0.3074799458276904,0.2706821093082835,0.26710641791467316,0.29596587390775864,0.32418550044027006,0.3028693766334872,0.33866316420637865,0.39636604909916806,0.37720415254786005,0.31096568800848956,0.33429001435021527,0.32026594235213035,0.29778243147227107,0.268446148552328,0.27337579617834395,0.2984665530780058,0.30338583179238665,0.22674772036474164,0.20774859062012715,0.21193188778635305,0.22464837218451855,0.200379987333756,0.2023043944265809,0.19661874334398297,0.24208992506244795,0.197844619591443,0.22107208872458411,0.2154255319148936,0.20351370344342937,0.149059334298119,0.15125858123569794,0.13879330121587521,0.14454687771786398,0.129961935834693,0.134375,0.1341350601295097,0.12292263610315186,0.0625531914893617,0.04220456802383317,0.03352540597171294,0.043369890329012964,0.032069970845481,0.016828478964401296,0.01288135593220339,-0.005434782608695652,-0.0415800415800416,0.02729181245626312,0.03678929765886288,0.03854545454545454,0.0648275862068965,0.05898305084745763,0.04332634521313766,-0.2929493545183714,0.122459893048128,0.14794520547945206,0.1640102827763496,0.11694408877507469,0.093562874251497,0.14698331193838254,0.1,0.09883040935672514,0.0732647814910026,0.07774607703281027,0.04199288256227758,0.029784537389100127,-0.0997521685254027,-0.03223949337938975,-0.44222361024359774,-0.05636449037106623,0.01723395088324,-0.023405231757687012,-0.5377574370709383,-0.03462515883100381,0.0316350316350316,0.06368932038834951,0.043740573152337855,0.10557909604519775,0.0741699909276353,0.10360582871453104,0.013480982185844969,0.026143303735255304,-0.16310418904403867,0.09063275748518163,0.13008048792681098,0.12205493621422825,0.126981351981352,0.14377751530119187,-0.0559989532905927,0.132377793077549,0.14485228290062668,0.14390386869871044,0.16052592482543457,0.13700281237444756,0.0,0.0,0.0,0.0,0.0,0.0,0.0,0.0,0.0,0.0,0.0,0.0
totalOtherIncomeExpensesNet,-8000000.0,-158000000,-10000000,89000000,206000000,43000000,30000000,143000000,-140000000,100000000,-439000000,38000000,95000000,-185000000,-165000000,122000000,-159000000,-263000000,-510000000,-263000000,-149000000,-175000000,-226000000,-353000000,-97000000,-137000000,-100000000,-97000000,-194000000,-98000000,-73000000,41000000,-1139000000,288000000,148000000,137000000,-438000000,172000000,26000000,136000000,-297000000,58000000,50000000,33000000,-362000000,60000000,63000000,158000000,-513000000,118000000,162000000,200000000,-18000000,-13000000,-10000000,-7000000.0,-7000000.0,-4000000.0,-11000000,-7000000.0,0.0,0.0,-6000000.0,-2000000.0,-6000000.0,-10000000,-12000000,1000000.0,13000000,4000000.0,4000000.0,-15000000,-70000000,-1000000.0,1000000.0,2000000.0,0.0,9000000.0,5000000.0,66000000,92000000,50000000,100000000,34000000,21000000,101000000,46000000,26000000,40000000,-7000000.0,0.0,0.0,-123000000,0.0,-155000000,0.0,30000000,67000000,-198000000,10000000,14000000,-8000000.0,-66000000,17000000,-25619000,126855000,-7000000.0,0.0,2900000.0,9800000.0,19400000,11300000,7500000.0,5100000.0,3300000.0,25000000,14400000,14100000,16900000,14600000,0.0,0.0,0.0,0.0,0.0,0.0,0.0,0.0,0.0,0.0,0.0,0.0
incomeBeforeTax,14901000000,13137000000,13135000000,25918000000,16127000000,11911000000,13793000000,23906000000,16421000000,13284000000,16168000000,27030000000,13917000000,11308000000,14684000000,24180000000,12188000000,10469000000,14142000000,24573000000,15062000000,14473000000,18564000000,24416000000,11472000000,10484000000,13818000000,17709000000,10143000000,9435000000,12905000000,17672000000,10893000000,11861000000,15532000000,17477000000,8791000000,9551000000,7900000000,7963000000,5461000000,4292000000,4029000000,4758000000,2238000000,1732000000,1730000000,2284000000,1582000000,1510000000,1477000000,2326000000,1230000000,1196000000,1134000000,1448000000,721000000,661000000,605000000,831000000,478000000,473000000,435000000,429000000,147000000,85000000,64000000,87000000,55000000,26000000,19000000,-8000000.0,-60000000,39000000,55000000,53000000,94000000,87000000,62000000,-295000000,229000000,270000000,319000000,274000000,125000000,229000000,153000000,169000000,114000000,109000000,59000000,47000000,-161000000,-56000000,-708000000,-120000000,40000000,-51000000,-1175000000,-109000000,95000000,164000000,116000000,299000000,184927000,222743000,28000000,64544000,-303700000,178900000,260200000,212400000,217900000,267800000,-85600000,211500000,242700000,196400000,216100000,204600000,0.0,0.0,0.0,0.0,0.0,0.0,0.0,0.0,0.0,0.0,0.0,0.0
incomeBeforeTaxRatio,0.230316238523602,0.22010555415933653,0.2252499442662871,0.2822727322231782,0.2518269831355403,0.22135702205950678,0.23774885805395157,0.28354880797058474,0.2610651828298887,0.2493945367502112,0.26445523987110914,0.3061397845808841,0.2646874227353126,0.24903100775193798,0.2776013309134906,0.3086112493777999,0.26013830786305814,0.24715520090655838,0.2797238760211247,0.3238744200759173,0.29246034057591114,0.29176494305009576,0.32001379072573694,0.3272966125551281,0.2723452745530945,0.2800812139346014,0.3027209394032336,0.3074799458276904,0.2706821093082835,0.26710641791467316,0.29596587390775864,0.32418550044027006,0.3028693766334872,0.33866316420637865,0.39636604909916806,0.37720415254786005,0.31096568800848956,0.33429001435021527,0.32026594235213035,0.29778243147227107,0.268446148552328,0.27337579617834395,0.2984665530780058,0.30338583179238665,0.22674772036474164,0.20774859062012715,0.21193188778635305,0.22464837218451855,0.200379987333756,0.2023043944265809,0.19661874334398297,0.24208992506244795,0.197844619591443,0.22107208872458411,0.2154255319148936,0.20351370344342937,0.149059334298119,0.15125858123569794,0.13879330121587521,0.14454687771786398,0.129961935834693,0.134375,0.1341350601295097,0.12292263610315186,0.0625531914893617,0.04220456802383317,0.03352540597171294,0.043369890329012964,0.032069970845481,0.016828478964401296,0.01288135593220339,-0.005434782608695652,-0.0415800415800416,0.02729181245626312,0.03678929765886288,0.03854545454545454,0.0648275862068965,0.05898305084745763,0.04332634521313766,-0.2929493545183714,0.122459893048128,0.14794520547945206,0.1640102827763496,0.11694408877507469,0.093562874251497,0.14698331193838254,0.1,0.09883040935672514,0.0732647814910026,0.07774607703281027,0.04199288256227758,0.029784537389100127,-0.0997521685254027,-0.03223949337938975,-0.44222361024359774,-0.05636449037106623,0.01723395088324,-0.023405231757687012,-0.5377574370709383,-0.03462515883100381,0.0316350316350316,0.06368932038834951,0.043740573152337855,0.10557909604519775,0.0741699909276353,0.10360582871453104,0.013480982185844969,0.026143303735255304,-0.16310418904403867,0.09063275748518163,0.13008048792681098,0.12205493621422825,0.126981351981352,0.14377751530119187,-0.0559989532905927,0.132377793077549,0.14485228290062668,0.14390386869871044,0.16052592482543457,0.13700281237444756,0.0,0.0,0.0,0.0,0.0,0.0,0.0,0.0,0.0,0.0,0.0,0.0
incomeTaxExpense,2228000000,1884000000,1886000000,3682000000,2441000000,1867000000,2232000000,3941000000,2296000000,1765000000,2346000000,6965000000,3203000000,2591000000,3655000000,6289000000,3174000000,2673000000,3626000000,6212000000,3938000000,3796000000,4995000000,6392000000,3005000000,2736000000,3595000000,4637000000,2631000000,2535000000,3358000000,4594000000,2670000000,3037000000,3910000000,4413000000,2168000000,2243000000,1913000000,1959000000,1153000000,1039000000,955000000,1380000000,573000000,503000000,525000000,679000000,446000000,438000000,432000000,745000000,326000000,378000000,364000000,444000000,179000000,189000000,195000000,266000000,48000000,153000000,145000000,134000000,41000000,24000000,18000000,24000000,14000000,7000000.0,5000000.0,-2000000.0,-15000000,7000000.0,15000000,15000000,28000000,26000000,19000000,-88000000,59000000,70000000,86000000,91000000,14000000,26000000,18000000,17000000,8000000.0,8000000.0,4000000.0,0.0,0.0,0.0,0.0,0.0,15000000,-19000000,-435000000,-40000000,35000000,61000000,43000000,111000000,70272000,84642000,11000000,24526000,-115400000,68000000,98900000,80700000,82800000,101800000,-32500000,80400000,92200000,76600000,84300000,79800000,0.0,0.0,0.0,0.0,0.0,0.0,0.0,0.0,0.0,0.0,0.0,0.0
netIncome,12673000000,11253000000,11249000000,22236000000,13686000000,10044000000,11561000000,19965000000,14125000000,11519000000,13822000000,20065000000,10714000000,8717000000,11029000000,17891000000,9014000000,7796000000,10516000000,18361000000,11124000000,10677000000,13569000000,18024000000,8467000000,7748000000,10223000000,13072000000,7512000000,6900000000,9547000000,13078000000,8223000000,8824000000,11622000000,13064000000,6623000000,7308000000,5987000000,6004000000,4308000000,3253000000,3074000000,3378000000,1665000000,1229000000,1205000000,1605000000,1136000000,1072000000,1045000000,1581000000,904000000,818000000,770000000,1004000000,542000000,472000000,410000000,565000000,430000000,320000000,290000000,295000000,106000000,61000000,46000000,63000000,44000000,19000000,14000000,-8000000.0,-45000000,32000000,40000000,38000000,66000000,61000000,43000000,-195000000,170000000,200000000,233000000,183000000,111000000,203000000,135000000,152000000,106000000,101000000,55000000,47000000,-161000000,-56000000,-708000000,-120000000,25000000,-32000000,-740000000,-69000000,60000000,103000000,73000000,188000000,114655000,138101000,17000000,40018000,-188300000,110900000,161300000,131700000,135100000,166000000,-53100000,131100000,150500000,119800000,131800000,124800000,0.0,0.0,0.0,0.0,0.0,0.0,0.0,0.0,0.0,0.0,0.0,0.0
netIncomeRatio,0.195879316207611,0.18853983412917819,0.1929072419529093,0.2421720994565395,0.2137101811367895,0.18666022412607555,0.19927604929759546,0.23680464950776894,0.22456279809220986,0.21625833098657654,0.22608240509020724,0.22725470875380835,0.20376956579623043,0.19197057787174066,0.20850347852389595,0.22834424576584855,0.19239306753180227,0.18405023844374144,0.2080028482702692,0.24199968367777308,0.21599580590668144,0.21524039915331117,0.2339079469057059,0.24161181785278624,0.20100657597986848,0.2069886727933319,0.22396266923717303,0.2269680869535021,0.20046968403074295,0.19534014664666083,0.2189528243469486,0.2399104784267684,0.2286325974531502,0.2519487194129572,0.2965855152350329,0.28195886301340295,0.23427661832331093,0.25578383675755134,0.24271293631167146,0.22452413896264165,0.211768175785282,0.20719745222929936,0.22772057189421438,0.21539246317668814,0.16869300911854104,0.1474151373395706,0.14761729756217076,0.1578636766007672,0.143888537048765,0.14362272240085744,0.13911075612353568,0.1645503746877602,0.145407752935499,0.15120147874306838,0.14627659574468085,0.14111033028812367,0.112052925366963,0.1080091533180778,0.09405827024546914,0.09827796138458862,0.116911364872213,0.09090909090909091,0.08942337341967314,0.08452722063037249,0.0451063829787234,0.03028798411122145,0.024096385542168676,0.03140578265204387,0.0256559766763848,0.012297734627831715,0.009491525423728813,-0.005434782608695652,-0.0311850311850312,0.02239328201539538,0.026755852842809364,0.027636363636363636,0.0455172413793103,0.04135593220338983,0.03004891684136967,-0.1936444885799404,0.0909090909090909,0.1095890410958904,0.11979434447300771,0.07810499359795134,0.0830838323353293,0.13029525032092426,0.08823529411764706,0.08888888888888889,0.0681233933161954,0.07203994293865906,0.03914590747330961,0.029784537389100127,-0.0997521685254027,-0.03223949337938975,-0.44222361024359774,-0.05636449037106623,0.010771219302025,-0.014685635612666361,-0.33867276887871856,-0.021918678526048285,0.01998001998002,0.04,0.027526395173453996,0.06638418079096045,0.0459854986551884,0.06423577194931132,0.008184882041405874,0.016209139949142394,-0.10112781954887218,0.0561831906378236,0.08063790431435285,0.07568095621192966,0.07872960372960373,0.08912273166541394,-0.034737668454795236,0.08205545471615447,0.0898239331542823,0.08777842907385698,0.09790521467835389,0.08356769787063077,0.0,0.0,0.0,0.0,0.0,0.0,0.0,0.0,0.0,0.0,0.0,0.0
eps,0.74,0.6525,0.645,1.26,0.7625,0.55,0.6175,1.055,0.735,0.59,0.6875,0.98,0.52,0.42,0.5275,0.845,0.42,0.3575,0.4775,0.825,0.4925,0.465,0.585,0.77,0.3575,0.3225,0.4175,0.521071,0.296786,0.268214,0.362857,0.4975,0.312857,0.336429,0.444643,0.501071,0.254643,0.281786,0.231786,0.233214,0.16,0.1275,0.121071,0.133571,0.066071,0.049286,0.048214,0.064643,0.04,0.043214,0.0425,0.064643,0.03,0.033571,0.031786,0.041786,0.02,0.019643,0.0175,0.024286,0.01,0.013929,0.012857,0.013393,0.005,0.002857,0.002321,0.003036,0.0002,0.000893,0.000714,-0.000357,-0.002,0.001607,0.001964,0.001964,0.003,0.003036,0.002143,-0.010357,0.009,0.011071,0.012857,0.010179,0.006,0.012589,0.008839,0.01,0.006,0.006786,0.00375,0.003304,-0.001,-0.003929,-0.050357,-0.008571,0.001,-0.002321,-0.053482,-0.005,0.004,0.0075,0.005268,0.013839,0.008,0.010357,0.001339,0.003036,-0.014643,0.008214,0.011964,0.009643,0.009821,0.012143,-0.003929,0.009643,0.011429,0.008571,0.009286,0.008571,0.006607,0.003929,0.009821,0.006429,0.005536,0.008214,0.003571,0.002321,0.004107,0.002321,0.002321,0.004107
epsdiluted,0.73,0.645,0.6375,1.2475,0.7575,0.545,0.615,1.045,0.7275,0.585,0.6825,0.9725,0.5175,0.4175,0.525,0.84,0.4175,0.355,0.475,0.82,0.49,0.4625,0.5825,0.765,0.355,0.32,0.415,0.517857,0.295,0.266786,0.360357,0.493214,0.309643,0.332857,0.439286,0.495357,0.251786,0.278214,0.228571,0.229643,0.16,0.125357,0.118929,0.131071,0.065,0.048214,0.0475,0.063571,0.04,0.0425,0.041429,0.062857,0.03,0.032857,0.031071,0.040714,0.02,0.019286,0.016786,0.023214,0.01,0.013214,0.012143,0.0125,0.005,0.002857,0.002143,0.003036,0.0002,0.000893,0.000714,-0.000357,-0.002,0.001607,0.001964,0.001964,0.003,0.003036,0.002143,-0.010357,0.009,0.009821,0.011429,0.009196,0.006,0.010714,0.0075,0.008482,0.006,0.005804,0.003393,0.002946,-0.001,-0.003929,-0.050357,-0.008571,0.001,-0.002321,-0.053482,-0.005,0.004,0.0075,0.005268,0.013839,0.008,0.010357,0.001339,0.003036,-0.014643,0.008214,0.011964,0.009643,0.009821,0.012143,-0.003929,0.009643,0.011429,0.008571,0.009286,0.008571,0.006607,0.003929,0.009821,0.006429,0.005536,0.008214,0.003571,0.002321,0.004107,0.002321,0.002321,0.004107
weightedAverageShsOut,17057622000,17250292000,17440404000,17660160000,17963248000,18282532000,18696284000,18943280000,19206356000,19528668000,20099508000,20451508000,20597712000,20780352000,20903164000,21194644000,21467648000,21772232000,22057524000,22235720000,22587664000,22919544000,23175196000,23372328000,23735380000,24050540000,24493196000,25090016000,25316564000,25721304000,26309612000,26289648000,26273604000,26224688000,26140296000,26069148000,25991840000,25931024000,25849488000,25740232000,25541516000,25541516000,25411344000,25299176000,25144896000,25023936000,24953040000,24895976000,24744664000,24744664000,24627288000,24524080000,24524080000,24270568000,24164084000,24015348000,23838500000,23838500000,23545480000,23261868000,22822576000,22822576000,22628816000,22092896000,21001288000,21001288000,20459432000,20297200000,20204408000,20204408000,20187440000,20107192000,19956720000,19956720000,19794880000,19674480000,19530840000,19530840000,19380480000,18881520000,18202240000,18202240000,18163264000,18036368000,16134048000,16134048000,15273552000,15150240000,15150240000,14903616000,14780528000,14334768000,14334768000,14168000000,14068208000,13947584000,13858320000,13858320000,13849808000,13775328000,13798736000,13798736000,13736128000,13619221056,13312320000,13312320000,13321728000,13099072000,12859512195,13500869565,13481791045,13657777778,13755636364,13670588235,13516363636,13595555556,13168750000,13976666667,14193846154,14560000000,13889792000,14307664000,14285264000,14622720000,13946352000,14063280000,14028672000,14028672000,14260064000,14260064000,14033600000,13837824000
weightedAverageShsOutDil,17256521000,17419152000,17618764000,17818416000,18081492000,18405520000,18802584000,19093008000,19390188000,19706436000,20273972000,20631148000,20734340000,20933996000,21046752000,21311980000,21573332000,21891124000,22163544000,22376508000,22730076000,23092396000,23339432000,23527212000,23888328000,24206844000,24626784000,25240656000,25455668000,25879420000,26488980000,26522076000,26549208000,26517652000,26457004000,26364016000,26306476000,26258680000,26206432000,26128312000,25541516000,25966108000,25840584000,25753924000,25602472000,25456480000,25283804000,25241832000,24744664000,25288676000,25181212000,25201512000,24524080000,24938788000,24826284000,24732316000,23838500000,24538304000,24599036000,24477796000,22822576000,24099264000,23996308000,23468872000,21001288000,21986776000,21180880000,20849248000,20204408000,20371512000,20285608000,20107192000,19956720000,20545392000,20494264000,20020504000,19530840000,20099072000,19757472000,18881520000,18202240000,20261752000,20383216000,19982704000,16134048000,19560800000,19398848000,19270944000,15150240000,19240032000,16342480000,15661968000,14334768000,14168000000,14068208000,13947584000,13858320000,13858320000,13849808000,13775328000,13798736000,13798736000,13736128000,13625472000,13312320000,13312320000,13321728000,13099072000,12859512195,13500869565,13481791045,13657777778,13755636364,13670588235,13516363636,13595555556,13168750000,13976666667,14193846154,14560000000,13889792000,14307664000,14285264000,14622720000,13946352000,14063280000,14028672000,14028672000,14260064000,14260064000,14033600000,13837824000
link,https://www.sec.gov/Archives/edgar/data/320193/000032019320000096/0000320193-20-000096-index.htm,https://www.sec.gov/Archives/edgar/data/320193/000032019320000062/0000320193-20-000062-index.htm,https://www.sec.gov/Archives/edgar/data/320193/000032019320000052/0000320193-20-000052-index.html,https://www.sec.gov/Archives/edgar/data/320193/000032019320000010/0000320193-20-000010-index.html,https://www.sec.gov/Archives/edgar/data/320193/000032019319000119/0000320193-19-000119-index.html,https://www.sec.gov/Archives/edgar/data/320193/000032019319000076/a10-qq320196292019.htm,https://www.sec.gov/Archives/edgar/data/320193/000032019319000066/0000320193-19-000066-index.html,https://www.sec.gov/Archives/edgar/data/320193/000032019319000010/0000320193-19-000010-index.html,https://www.sec.gov/Archives/edgar/data/320193/000032019318000145/0000320193-18-000145-index.html,https://www.sec.gov/Archives/edgar/data/320193/000032019318000100/0000320193-18-000100-index.html,https://www.sec.gov/Archives/edgar/data/320193/000032019318000070/0000320193-18-000070-index.html,https://www.sec.gov/Archives/edgar/data/320193/000032019318000007/0000320193-18-000007-index.html,https://www.sec.gov/Archives/edgar/data/320193/000032019317000070/0000320193-17-000070-index.html,https://www.sec.gov/Archives/edgar/data/320193/000032019317000009/0000320193-17-000009-index.html,https://www.sec.gov/Archives/edgar/data/320193/000162828017004790/0001628280-17-004790-index.html,https://www.sec.gov/Archives/edgar/data/320193/000162828017000717/0001628280-17-000717-index.html,https://www.sec.gov/Archives/edgar/data/320193/000162828016020309/0001628280-16-020309-index.html,https://www.sec.gov/Archives/edgar/data/320193/000162828016017809/a10-qq320166252016.htm,https://www.sec.gov/Archives/edgar/data/320193/000119312516559625/0001193125-16-559625-index.html,https://www.sec.gov/Archives/edgar/data/320193/000119312516439878/0001193125-16-439878-index.html,https://www.sec.gov/Archives/edgar/data/320193/000119312515356351/0001193125-15-356351-index.html,https://www.sec.gov/Archives/edgar/data/320193/000119312515259935/0001193125-15-259935-index.html,https://www.sec.gov/Archives/edgar/data/320193/000119312515153166/0001193125-15-153166-index.html,https://www.sec.gov/Archives/edgar/data/320193/000119312514383437/d783162d10k.htm,https://www.sec.gov/Archives/edgar/data/320193/000119312514383437/0001193125-14-383437-index.html,https://www.sec.gov/Archives/edgar/data/320193/000119312514277160/0001193125-14-277160-index.html,https://www.sec.gov/Archives/edgar/data/320193/000119312514157311/0001193125-14-157311-index.html,https://www.sec.gov/Archives/edgar/data/320193/000119312513416534/d590790d10k.htm,https://www.sec.gov/Archives/edgar/data/320193/000119312513416534/0001193125-13-416534-index.html,https://www.sec.gov/Archives/edgar/data/320193/000119312513300670/0001193125-13-300670-index.html,https://www.sec.gov/Archives/edgar/data/320193/000119312513168288/0001193125-13-168288-index.html,https://www.sec.gov/Archives/edgar/data/320193/000119312513022339/0001193125-13-022339-index.html,https://www.sec.gov/Archives/edgar/data/320193/000119312512444068/0001193125-12-444068-index.html,https://www.sec.gov/Archives/edgar/data/320193/000119312512314552/0001193125-12-314552-index.html,https://www.sec.gov/Archives/edgar/data/320193/000119312512182321/d297069d10q.htm,https://www.sec.gov/Archives/edgar/data/320193/000119312512023398/0001193125-12-023398-index.html,https://www.sec.gov/Archives/edgar/data/320193/000119312511282113/0001193125-11-282113-index.html,https://www.sec.gov/Archives/edgar/data/320193/000119312511192493/0001193125-11-192493-index.html,https://www.sec.gov/Archives/edgar/data/320193/000119312511104388/0001193125-11-104388-index.html,https://www.sec.gov/Archives/edgar/data/320193/000119312510238044/d10k.htm,https://www.sec.gov/Archives/edgar/data/320193/000119312510238044/0001193125-10-238044-index.html,https://www.sec.gov/Archives/edgar/data/320193/000119312510162840/0001193125-10-162840-index.html,https://www.sec.gov/Archives/edgar/data/320193/000119312510088957/0001193125-10-088957-index.html,https://www.sec.gov/Archives/edgar/data/320193/000119312510012085/0001193125-10-012085-index.html,https://www.sec.gov/Archives/edgar/data/320193/000119312509214859/0001193125-09-214859-index.html,https://www.sec.gov/Archives/edgar/data/320193/000119312509153165/0001193125-09-153165-index.html,https://www.sec.gov/Archives/edgar/data/320193/000119312509085781/0001193125-09-085781-index.html,https://www.sec.gov/Archives/edgar/data/320193/000119312509009937/0001193125-09-009937-index.html,https://www.sec.gov/Archives/edgar/data/320193/000119312508224958/0001193125-08-224958-index.html,https://www.sec.gov/Archives/edgar/data/320193/000119312508156421/0001193125-08-156421-index.html,https://www.sec.gov/Archives/edgar/data/320193/000119312508097759/0001193125-08-097759-index.html,https://www.sec.gov/Archives/edgar/data/320193/000104746907009340/a2181030z10-k.htm,https://www.sec.gov/Archives/edgar/data/320193/000104746907009340/0001047469-07-009340-index.html,https://www.sec.gov/Archives/edgar/data/320193/000110465907059873/0001104659-07-059873-index.html,https://www.sec.gov/Archives/edgar/data/320193/000110465907037745/0001104659-07-037745-index.html,https://www.sec.gov/Archives/edgar/data/320193/000110465906084288/a06-25759_210k.htm,https://www.sec.gov/Archives/edgar/data/320193/000110465906084288/a06-25759_210k.htm,https://www.sec.gov/Archives/edgar/data/320193/000110465906084286/a06-23473_110q.htm,https://www.sec.gov/Archives/edgar/data/320193/000110465906031303/a06-10806_110q.htm,https://www.sec.gov/Archives/edgar/data/320193/000110465905058421/a05-20674_110k.htm,https://www.sec.gov/Archives/edgar/data/320193/000110465905058421/a05-20674_110k.htm,https://www.sec.gov/Archives/edgar/data/320193/000110465905035792/a05-12535_110q.htm,https://www.sec.gov/Archives/edgar/data/320193/000110465905020421/a05-7551_110q.htm,https://www.sec.gov/Archives/edgar/data/320193/000104746904035975/a2147337z10-k.htm,https://www.sec.gov/Archives/edgar/data/320193/000104746904035975/a2147337z10-k.htm,https://www.sec.gov/Archives/edgar/data/320193/000110465904022384/a04-8198_110q.htm,https://www.sec.gov/Archives/edgar/data/320193/000110465904013021/a04-5089_110q.htm,https://www.sec.gov/Archives/edgar/data/320193/000104746903041604/a2124888z10-k.htm,https://www.sec.gov/Archives/edgar/data/320193/000104746903041604/a2124888z10-k.htm,https://www.sec.gov/Archives/edgar/data/320193/000110465903017766/a03-2128_110q.htm,https://www.sec.gov/Archives/edgar/data/320193/000110465903009489/0001104659-03-009489-index.html,https://www.sec.gov/Archives/edgar/data/320193/000104746902007674/a2096490z10-k.htm,https://www.sec.gov/Archives/edgar/data/320193/000104746902007674/0001047469-02-007674-index.html,https://www.sec.gov/Archives/edgar/data/320193/000091205702030796/0000912057-02-030796-index.html,https://www.sec.gov/Archives/edgar/data/320193/000091205702020280/0000912057-02-020280-index.html,https://www.sec.gov/Archives/edgar/data/320193/000091205702004945/0000912057-02-004945-index.html,https://www.sec.gov/Archives/edgar/data/320193/000091205701544436/a2066171z10-k405.htm,https://www.sec.gov/Archives/edgar/data/320193/000091205701528148/0000912057-01-528148-index.html,https://www.sec.gov/Archives/edgar/data/320193/000091205701515409/0000912057-01-515409-index.html,https://www.sec.gov/Archives/edgar/data/320193/000091205701004642/0000912057-01-004642-index.html,https://www.sec.gov/Archives/edgar/data/320193/000091205700053623/0000912057-00-053623-index.html,https://www.sec.gov/Archives/edgar/data/320193/000091205700033901/0000912057-00-033901-index.html,https://www.sec.gov/Archives/edgar/data/320193/000091205700023442/0000912057-00-023442-index.html,,https://www.sec.gov/Archives/edgar/data/320193/000091205799010244/0000912057-99-010244-index.html,https://www.sec.gov/Archives/edgar/data/320193/000032019399000009/0000320193-99-000009-index.html,https://www.sec.gov/Archives/edgar/data/320193/000032019399000004/0000320193-99-000004-index.html,,,https://www.sec.gov/Archives/edgar/data/320193/000032019398000008/0000320193-98-000008-index.html,https://www.sec.gov/Archives/edgar/data/320193/000032019398000006/0000320193-98-000006-index.html,https://www.sec.gov/Archives/edgar/data/320193/000032019398000003/0000320193-98-000003-index.html,https://www.sec.gov/Archives/edgar/data/320193/000104746997006960/0001047469-97-006960-index.html,https://www.sec.gov/Archives/edgar/data/320193/000032019397000014/0000320193-97-000014-index.html,https://www.sec.gov/Archives/edgar/data/320193/000032019397000011/0000320193-97-000011-index.html,https://www.sec.gov/Archives/edgar/data/320193/000032019397000002/0000320193-97-000002-index.html,https://www.sec.gov/Archives/edgar/data/320193/000032019396000023/0000320193-96-000023-index.html,https://www.sec.gov/Archives/edgar/data/320193/000032019396000018/0000320193-96-000018-index.html,https://www.sec.gov/Archives/edgar/data/320193/000032019396000011/0000320193-96-000011-index.html,https://www.sec.gov/Archives/edgar/data/320193/000032019396000002/0000320193-96-000002-index.html,https://www.sec.gov/Archives/edgar/data/320193/000032019395000016/0000320193-95-000016-index.html,https://www.sec.gov/Archives/edgar/data/320193/000032019395000011/0000320193-95-000011-index.html,https://www.sec.gov/Archives/edgar/data/320193/000032019395000008/0000320193-95-000008-index.html,https://www.sec.gov/Archives/edgar/data/320193/000032019395000003/0000320193-95-000003-index.html,https://www.sec.gov/Archives/edgar/data/320193/000032019394000016/0000320193-94-000016-index.html,https://www.sec.gov/Archives/edgar/data/320193/000032019394000013/0000320193-94-000013-index.html,,,,,,,,,,,,,,,,,,,,,,,,,,
finalLink,https://www.sec.gov/Archives/edgar/data/320193/000032019320000096/aapl-20200926.htm,https://www.sec.gov/Archives/edgar/data/320193/000032019320000062/aapl-20200627.htm,https://www.sec.gov/Archives/edgar/data/320193/000032019320000052/a10-qq220203282020.htm,https://www.sec.gov/Archives/edgar/data/320193/000032019320000010/a10-qq1202012282019.htm,https://www.sec.gov/Archives/edgar/data/320193/000032019319000119/a10-k20199282019.htm,https://www.sec.gov/Archives/edgar/data/320193/000032019319000076/a10-qq320196292019.htm,https://www.sec.gov/Archives/edgar/data/320193/000032019319000066/a10-qq220193302019.htm,https://www.sec.gov/Archives/edgar/data/320193/000032019319000010/a10-qq1201912292018.htm,https://www.sec.gov/Archives/edgar/data/320193/000032019318000145/a10-k20189292018.htm,https://www.sec.gov/Archives/edgar/data/320193/000032019318000100/a10-qq320186302018.htm,https://www.sec.gov/Archives/edgar/data/320193/000032019318000070/a10-qq220183312018.htm,https://www.sec.gov/Archives/edgar/data/320193/000032019318000007/a10-qq1201812302017.htm,https://www.sec.gov/Archives/edgar/data/320193/000032019317000070/a10-k20179302017.htm,https://www.sec.gov/Archives/edgar/data/320193/000032019317000009/a10-qq32017712017.htm,https://www.sec.gov/Archives/edgar/data/320193/000162828017004790/a10-qq22017412017.htm,https://www.sec.gov/Archives/edgar/data/320193/000162828017000717/a10-qq1201712312016.htm,https://www.sec.gov/Archives/edgar/data/320193/000162828016020309/a201610-k9242016.htm,https://www.sec.gov/Archives/edgar/data/320193/000162828016017809/a10-qq320166252016.htm,https://www.sec.gov/Archives/edgar/data/320193/000119312516559625/d165350d10q.htm,https://www.sec.gov/Archives/edgar/data/320193/000119312516439878/d66145d10q.htm,https://www.sec.gov/Archives/edgar/data/320193/000119312515356351/d17062d10k.htm,https://www.sec.gov/Archives/edgar/data/320193/000119312515259935/d927922d10q.htm,https://www.sec.gov/Archives/edgar/data/320193/000119312515153166/d892246d10q.htm,https://www.sec.gov/Archives/edgar/data/320193/000119312514383437/d783162d10k.htm,https://www.sec.gov/Archives/edgar/data/320193/000119312514383437/d783162d10k.htm,https://www.sec.gov/Archives/edgar/data/320193/000119312514277160/d740164d10q.htm,https://www.sec.gov/Archives/edgar/data/320193/000119312514157311/d694710d10q.htm,https://www.sec.gov/Archives/edgar/data/320193/000119312513416534/d590790d10k.htm,https://www.sec.gov/Archives/edgar/data/320193/000119312513416534/d590790d10k.htm,https://www.sec.gov/Archives/edgar/data/320193/000119312513300670/d552802d10q.htm,https://www.sec.gov/Archives/edgar/data/320193/000119312513168288/d501596d10q.htm,https://www.sec.gov/Archives/edgar/data/320193/000119312513022339/d453687d10q.htm,https://www.sec.gov/Archives/edgar/data/320193/000119312512444068/d411355d10k.htm,https://www.sec.gov/Archives/edgar/data/320193/000119312512314552/d365704d10q.htm,https://www.sec.gov/Archives/edgar/data/320193/000119312512182321/d297069d10q.htm,https://www.sec.gov/Archives/edgar/data/320193/000119312512023398/d267587d10q.htm,https://www.sec.gov/Archives/edgar/data/320193/000119312511282113/d220209d10k.htm,https://www.sec.gov/Archives/edgar/data/320193/000119312511192493/d10q.htm,https://www.sec.gov/Archives/edgar/data/320193/000119312511104388/d10q.htm,https://www.sec.gov/Archives/edgar/data/320193/000119312510238044/d10k.htm,https://www.sec.gov/Archives/edgar/data/320193/000119312510238044/d10k.htm,https://www.sec.gov/Archives/edgar/data/320193/000119312510162840/d10q.htm,https://www.sec.gov/Archives/edgar/data/320193/000119312510088957/d10q.htm,https://www.sec.gov/Archives/edgar/data/320193/000119312510012085/d10q.htm,https://www.sec.gov/Archives/edgar/data/320193/000119312509214859/d10k.htm,https://www.sec.gov/Archives/edgar/data/320193/000119312509153165/d10q.htm,https://www.sec.gov/Archives/edgar/data/320193/000119312509085781/d10q.htm,https://www.sec.gov/Archives/edgar/data/320193/000119312509009937/d10q.htm,https://www.sec.gov/Archives/edgar/data/320193/000119312508224958/d10k.htm,https://www.sec.gov/Archives/edgar/data/320193/000119312508156421/d10q.htm,https://www.sec.gov/Archives/edgar/data/320193/000119312508097759/d10q.htm,https://www.sec.gov/Archives/edgar/data/320193/000104746907009340/a2181030z10-k.htm,https://www.sec.gov/Archives/edgar/data/320193/000104746907009340/a2181030z10-k.htm,https://www.sec.gov/Archives/edgar/data/320193/000110465907059873/a07-19295_110q.htm,https://www.sec.gov/Archives/edgar/data/320193/000110465907037745/a07-13266_110q.htm,https://www.sec.gov/Archives/edgar/data/320193/000110465906084288/a06-25759_210k.htm,https://www.sec.gov/Archives/edgar/data/320193/000110465906084288/a06-25759_210k.htm,https://www.sec.gov/Archives/edgar/data/320193/000110465906084286/a06-23473_110q.htm,https://www.sec.gov/Archives/edgar/data/320193/000110465906031303/a06-10806_110q.htm,https://www.sec.gov/Archives/edgar/data/320193/000110465905058421/a05-20674_110k.htm,https://www.sec.gov/Archives/edgar/data/320193/000110465905058421/a05-20674_110k.htm,https://www.sec.gov/Archives/edgar/data/320193/000110465905035792/a05-12535_110q.htm,https://www.sec.gov/Archives/edgar/data/320193/000110465905020421/a05-7551_110q.htm,https://www.sec.gov/Archives/edgar/data/320193/000104746904035975/a2147337z10-k.htm,https://www.sec.gov/Archives/edgar/data/320193/000104746904035975/a2147337z10-k.htm,https://www.sec.gov/Archives/edgar/data/320193/000110465904022384/a04-8198_110q.htm,https://www.sec.gov/Archives/edgar/data/320193/000110465904013021/a04-5089_110q.htm,https://www.sec.gov/Archives/edgar/data/320193/000104746903041604/a2124888z10-k.htm,https://www.sec.gov/Archives/edgar/data/320193/000104746903041604/a2124888z10-k.htm,https://www.sec.gov/Archives/edgar/data/320193/000110465903017766/a03-2128_110q.htm,https://www.sec.gov/Archives/edgar/data/320193/000110465903009489/j0567_10q.htm,https://www.sec.gov/Archives/edgar/data/320193/000104746902007674/a2096490z10-k.htm,https://www.sec.gov/Archives/edgar/data/320193/000104746902007674/a2096490z10-k.htm,https://www.sec.gov/Archives/edgar/data/320193/000091205702030796/a2086025z10-q.htm,https://www.sec.gov/Archives/edgar/data/320193/000091205702020280/a2079853z10-q.htm,https://www.sec.gov/Archives/edgar/data/320193/000091205702004945/a2069685z10-q.htm,https://www.sec.gov/Archives/edgar/data/320193/000091205701544436/a2066171z10-k405.htm,https://www.sec.gov/Archives/edgar/data/320193/000091205701528148/a2056203z10-q.htm,https://www.sec.gov/Archives/edgar/data/320193/000091205701515409/a2048698z10-q.htm,https://www.sec.gov/Archives/edgar/data/320193/000091205701004642/a2038036z10-q.txt,https://www.sec.gov/Archives/edgar/data/320193/000091205700053623/a2032880z10-k.txt,https://www.sec.gov/Archives/edgar/data/320193/000091205700033901/a10-q.txt,https://www.sec.gov/Archives/edgar/data/320193/0000912057-00-023442.txt,,https://www.sec.gov/Archives/edgar/data/320193/0000912057-99-010244.txt,https://www.sec.gov/Archives/edgar/data/320193/0000320193-99-000009.txt,https://www.sec.gov/Archives/edgar/data/320193/0000320193-99-000004.txt,,,https://www.sec.gov/Archives/edgar/data/320193/0000320193-98-000008.txt,https://www.sec.gov/Archives/edgar/data/320193/0000320193-98-000006.txt,https://www.sec.gov/Archives/edgar/data/320193/0000320193-98-000003.txt,https://www.sec.gov/Archives/edgar/data/320193/0001047469-97-006960.txt,https://www.sec.gov/Archives/edgar/data/320193/0000320193-97-000014.txt,https://www.sec.gov/Archives/edgar/data/320193/0000320193-97-000011.txt,https://www.sec.gov/Archives/edgar/data/320193/0000320193-97-000002.txt,https://www.sec.gov/Archives/edgar/data/320193/0000320193-96-000023.txt,https://www.sec.gov/Archives/edgar/data/320193/0000320193-96-000018.txt,https://www.sec.gov/Archives/edgar/data/320193/0000320193-96-000011.txt,https://www.sec.gov/Archives/edgar/data/320193/0000320193-96-000002.txt,https://www.sec.gov/Archives/edgar/data/320193/0000320193-95-000016.txt,https://www.sec.gov/Archives/edgar/data/320193/0000320193-95-000011.txt,https://www.sec.gov/Archives/edgar/data/320193/0000320193-95-000008.txt,https://www.sec.gov/Archives/edgar/data/320193/0000320193-95-000003.txt,https://www.sec.gov/Archives/edgar/data/320193/0000320193-94-000016.txt,https://www.sec.gov/Archives/edgar/data/320193/0000320193-94-000013.txt,,,,,,,,,,,,,,,,,,,,,,,,,,
